@book{Koten_2024,
title = {Diesel Engines},
ISBN = {978-1-83769-460-0},
url = {https://intech-files.s3.amazonaws.com/a043Y00000yuj5rQAA/0014832_Authors_Book%20%282024-05-29%2012%3A58%3A55%29.pdf},
DOI = {10.5772/intechopen.110936},
publisher = {IntechOpen},
year = {2024},
month = {5},
address = {Rijeka},
author = {Hasan Koten},
}

@article{FiebigMichael2014Pefd,
author = {Fiebig, Michael and Wiartalla, Andreas and Holderbaum, Bastian and Kiesow, Sebastian},
address = {England},
copyright = {Copyright 2014 Elsevier B.V., All rights reserved.},
issn = {1745-6673},
journal = {Journal of occupational medicine and toxicology (London, England)},
keywords = {Air quality management ; Combustion ; Control ; Review},
language = {eng},
number = {1},
pages = {6-6},
publisher = {BioMed Central Ltd},
title = {Particulate emissions from diesel engines: Correlation between engine technology and emissions},
volume = {9},
year = {2014},
}

@article{Yan_state_of_the_art,
author = {Yan, Fuwu and Cai, Zhizhou and Hu, Jie and Long, Y. and Hou, X. and Yan, F. and Li, M.},
address = {Les Ulis},
copyright = {2021. This work is licensed under https://creativecommons.org/licenses/by/4.0/ (the “License”). Notwithstanding the ProQuest Terms and conditions, you may use this content in accordance with the terms of the License.},
issn = {2267-1242},
journal = {E3S web of conferences},
keywords = {Exhaust systems ; Internal combustion engines ; Regeneration ; Soot},
language = {eng},
pages = {1021-},
publisher = {EDP Sciences},
title = {The state-of-the-art of soot load estimation in diesel particulate filters: A review},
volume = {268},
year = {2021},
}

